<?xml version="1.0" encoding="UTF-8"?><record xmlns="http://www.loc.gov/MARC21/slim" xmlns:cinclude="http://apache.org/cocoon/include/1.0" xmlns:zs="http://www.loc.gov/zing/srw/">
  <leader>00398nz  a2200121n  4500</leader>
  <controlfield tag="001">n 2001106977</controlfield>
  <controlfield tag="003">DLC</controlfield>
  <controlfield tag="005">20010509164647.0</controlfield>
  <controlfield tag="008">010509n| acannaabn          |n aaa      </controlfield>
  <datafield tag="010" ind1=" " ind2=" ">
    <subfield code="a">n 2001106977</subfield>
  </datafield>
  <datafield tag="040" ind1=" " ind2=" ">
    <subfield code="a">DLC</subfield>
    <subfield code="b">eng</subfield>
    <subfield code="c">DLC</subfield>
  </datafield>
  <datafield tag="100" ind1="1" ind2=" ">
    <subfield code="a">Gessner, Andreas,</subfield>
    <subfield code="d">1967-</subfield>
  </datafield>
  <datafield tag="670" ind1=" " ind2=" ">
    <subfield code="a">Gessner, Andreas. Coaching, c2000:</subfield>
    <subfield code="b">t.p. (Andreas Gessner) p. 4 of cover (b. 1965; Personalentwickler in einem Industrieunternehmen)</subfield>
  </datafield>
</record>